
@inproceedings{lopes_semantic_2011,
	address = {New York, {NY}, {USA}},
	series = {{MIXHS} '11},
	title = {A semantic web application framework for health systems interoperability},
	isbn = {978-1-4503-0954-7},
	url = {http://doi.acm.org/10.1145/2064747.2064768},
	doi = {10.1145/2064747.2064768},
	booktitle = {Proceedings of the first international workshop on Managing interoperability and complexity in health systems},
	publisher = {{ACM}},
	author = {Lopes, Pedro and Oliveira, José Luís},
	year = {2011},
	keywords = {bioinformatics, healthcare interoperability, semantic exploration, semantic integration, semantic web},
	pages = {87–90},
	file = {-A semantic web application framework for health systems interoperability-.pdf:C:\Users\sankhesh.jhaveri\AppData\Roaming\Zotero\Zotero\Profiles\y3oum7uw.default\zotero\storage\4FFK8KRP\-A semantic web application framework for health systems interoperability-.pdf:application/pdf}
},

@inproceedings{bouamrane_overview_2012,
	address = {New York, {NY}, {USA}},
	series = {{MIXHS} '12},
	title = {An overview of electronic health information management systems quality assessment},
	isbn = {978-1-4503-1710-8},
	url = {http://doi.acm.org/10.1145/2389672.2389680},
	doi = {10.1145/2389672.2389680},
	booktitle = {Proceedings of the 2nd international workshop on Managing interoperability and {compleXity} in health systems},
	publisher = {{ACM}},
	author = {Bouamrane, Matt-Mouley and Mair, Frances and Tao, Cui},
	year = {2012},
	keywords = {ehealth, electronic health systems, health care information management, health information quality assessment},
	pages = {37–46},
	file = {An overview of electronic health information management systems quality assessment.pdf:C:\Users\sankhesh.jhaveri\AppData\Roaming\Zotero\Zotero\Profiles\y3oum7uw.default\zotero\storage\F2ZDNR2P\An overview of electronic health information management systems quality assessment.pdf:application/pdf}
},

@inproceedings{pathak_applying_2012,
	address = {New York, {NY}, {USA}},
	series = {{IHI} '12},
	title = {Applying linked data principles to represent patient's electronic health records at Mayo clinic: a case report},
	isbn = {978-1-4503-0781-9},
	url = {http://doi.acm.org/10.1145/2110363.2110415},
	doi = {10.1145/2110363.2110415},
	booktitle = {Proceedings of the 2nd {ACM} {SIGHIT} International Health Informatics Symposium},
	publisher = {{ACM}},
	author = {Pathak, Jyotishman and Kiefer, Richard C. and Chute, Christopher G.},
	year = {2012},
	keywords = {electronic health record (ehr), linked data, semantic web, translational research},
	pages = {455–464},
	file = {Applying linked data principles to represent patient's electronic health records at Mayo clinic.pdf:C:\Users\sankhesh.jhaveri\AppData\Roaming\Zotero\Zotero\Profiles\y3oum7uw.default\zotero\storage\NMPCV4MS\Applying linked data principles to represent patient's electronic health records at Mayo clinic.pdf:application/pdf}
},

@inproceedings{he_clinical_2012,
	address = {New York, {NY}, {USA}},
	series = {{MIXHS} '12},
	title = {Clinical clarity versus terminological order: the readiness of {SNOMED} {CT} concept descriptors for primary care},
	isbn = {978-1-4503-1710-8},
	url = {http://doi.acm.org/10.1145/2389672.2389674},
	doi = {10.1145/2389672.2389674},
	booktitle = {Proceedings of the 2nd international workshop on Managing interoperability and {compleXity} in health systems},
	publisher = {{ACM}},
	author = {He, Zhe and Halper, Michael and Perl, Yehoshua and Elhanan, Gai},
	year = {2012},
	keywords = {clinical use, snomed ct, synonyms, terminology},
	pages = {1–6},
	file = {Clinical clarity versus terminological order- the readiness of SNOMED CT concept descriptors for primary care.pdf:C:\Users\sankhesh.jhaveri\AppData\Roaming\Zotero\Zotero\Profiles\y3oum7uw.default\zotero\storage\TFM8H2RB\Clinical clarity versus terminological order- the readiness of SNOMED CT concept descriptors for primary care.pdf:application/pdf}
},

@inproceedings{khare_exploiting_2012,
	address = {New York, {NY}, {USA}},
	series = {{IHI} '12},
	title = {Exploiting semantic structure for mapping user-specified form terms to {SNOMED} {CT} concepts},
	isbn = {978-1-4503-0781-9},
	url = {http://doi.acm.org/10.1145/2110363.2110397},
	doi = {10.1145/2110363.2110397},
	booktitle = {Proceedings of the 2nd {ACM} {SIGHIT} International Health Informatics Symposium},
	publisher = {{ACM}},
	author = {Khare, Ritu and An, Yuan and Li, Jiexun and Song, Il-Yeol and Hu, Xiaohua},
	year = {2012},
	keywords = {forms, mapping, semantics, snomed ct, structure, terms},
	pages = {285–294},
	file = {Exploiting semantic structure for mapping user-specified form terms to SNOMED CT concepts.pdf:C:\Users\sankhesh.jhaveri\AppData\Roaming\Zotero\Zotero\Profiles\y3oum7uw.default\zotero\storage\ZAH8WTVX\Exploiting semantic structure for mapping user-specified form terms to SNOMED CT concepts.pdf:application/pdf}
},

@inproceedings{rector_quality_2011,
	address = {New York, {NY}, {USA}},
	series = {K-{CAP} '11},
	title = {Quality assurance of the content of a large {DL-based} terminology using mixed lexical and semantic criteria: experience with {SNOMED} {CT}},
	isbn = {978-1-4503-0396-5},
	url = {http://doi.acm.org/10.1145/1999676.1999688},
	doi = {10.1145/1999676.1999688},
	booktitle = {Proceedings of the sixth international conference on Knowledge capture},
	publisher = {{ACM}},
	author = {Rector, Alan and Iannone, Luigi and Stevens, Robert},
	year = {2011},
	keywords = {description logics, modularization, ontologies, {OWL}, quality assurance},
	pages = {57–64},
	file = {Quality assurance of the content of a large DL-based terminology using mixed lexical and semantic criteria.pdf:C:\Users\sankhesh.jhaveri\AppData\Roaming\Zotero\Zotero\Profiles\y3oum7uw.default\zotero\storage\CGN239ZU\Quality assurance of the content of a large DL-based terminology using mixed lexical and semantic criteria.pdf:application/pdf}
},

@inproceedings{sahoo_role_2012,
	address = {New York, {NY}, {USA}},
	series = {{IHI} '12},
	title = {Role of semantic web in health informatics},
	isbn = {978-1-4503-0781-9},
	url = {http://doi.acm.org/10.1145/2110363.2110480},
	doi = {10.1145/2110363.2110480},
	booktitle = {Proceedings of the 2nd {ACM} {SIGHIT} International Health Informatics Symposium},
	publisher = {{ACM}},
	author = {Sahoo, Satya S. and Sheth, Amit and Zhang, Guo-Qiang},
	year = {2012},
	keywords = {biomedical ontologies, data integration, health informatics, querying, semantic provenance, semantic web},
	pages = {881–882},
	file = {Role of semantic web in health informatics.pdf:C:\Users\sankhesh.jhaveri\AppData\Roaming\Zotero\Zotero\Profiles\y3oum7uw.default\zotero\storage\55WH78F3\Role of semantic web in health informatics.pdf:application/pdf}
},

@article{sachdeva_semantic_2012,
	title = {Semantic interoperability in standardized electronic health record databases},
	volume = {3},
	issn = {1936-1955},
	url = {http://doi.acm.org/10.1145/2166788.2166789},
	doi = {10.1145/2166788.2166789},
	number = {1},
	journal = {J. Data and Information Quality},
	author = {Sachdeva, Shelly and Bhalla, Subhash},
	month = may,
	year = {2012},
	keywords = {archetype-based {EHR}, data quality in healthcare, electronic health records, {openEHR}, quality-based {EHR}, semantic interoperability, standardization in {EHR}},
	pages = {1:1–1:37},
	file = {Semantic interoperability in standardized electronic health record databases.pdf:C:\Users\sankhesh.jhaveri\AppData\Roaming\Zotero\Zotero\Profiles\y3oum7uw.default\zotero\storage\5MSSRTF5\Semantic interoperability in standardized electronic health record databases.pdf:application/pdf}
},

@inproceedings{taweel_service_2011,
	address = {New York, {NY}, {USA}},
	series = {{MIXHS} '11},
	title = {Service and model-driven dynamic integration of health data},
	isbn = {978-1-4503-0954-7},
	url = {http://doi.acm.org/10.1145/2064747.2064752},
	doi = {10.1145/2064747.2064752},
	booktitle = {Proceedings of the first international workshop on Managing interoperability and complexity in health systems},
	publisher = {{ACM}},
	author = {Taweel, Adel and Speedie, Stuart and Tyson, Gareth and Tawil, Abdel {R.H.} and Peterson, Kevin and Delaney, Brendan},
	year = {2011},
	keywords = {data integration, ehealth, interoperability, ontology, semantic web services},
	pages = {11–17},
	file = {Service and model-driven dynamic integration of health data.pdf:C:\Users\sankhesh.jhaveri\AppData\Roaming\Zotero\Zotero\Profiles\y3oum7uw.default\zotero\storage\AN733VBK\Service and model-driven dynamic integration of health data.pdf:application/pdf}
},

@inproceedings{tao_toward_2011,
	address = {New York, {NY}, {USA}},
	series = {{MIXHS} '11},
	title = {Toward semantic web based knowledge representation and extraction from electronic health records},
	isbn = {978-1-4503-0954-7},
	url = {http://doi.acm.org/10.1145/2064747.2064765},
	doi = {10.1145/2064747.2064765},
	booktitle = {Proceedings of the first international workshop on Managing interoperability and complexity in health systems},
	publisher = {{ACM}},
	author = {Tao, Cui and Pathak, Jyotishman and Welch, Susan Rea and Bouamrane, Matt-Mouley and Huff, Stanley M. and Chute, Christopher G.},
	year = {2011},
	keywords = {electronic health records, ontologies, semantic web},
	pages = {75–78},
	file = {Toward Semantic Web based Knowledge Representation.pdf:C:\Users\sankhesh.jhaveri\AppData\Roaming\Zotero\Zotero\Profiles\y3oum7uw.default\zotero\storage\J9TSHUH2\Toward Semantic Web based Knowledge Representation.pdf:application/pdf}
},

@inproceedings{van_den_braak_trusted_2012,
	address = {New York, {NY}, {USA}},
	series = {dg.o '12},
	title = {Trusted third parties for secure and privacy-preserving data integration and sharing in the public sector},
	isbn = {978-1-4503-1403-9},
	url = {http://doi.acm.org/10.1145/2307729.2307752},
	doi = {10.1145/2307729.2307752},
	booktitle = {Proceedings of the 13th Annual International Conference on Digital Government Research},
	publisher = {{ACM}},
	author = {van den Braak, Susan W. and Choenni, Sunil and Meijer, Ronald and Zuiderwijk, Anneke},
	year = {2012},
	keywords = {data integration, data sharing, public sector, trusted third parties},
	pages = {135–144},
	file = {Trusted third parties for secure and privacy-preserving data integration and sharing in the public sector.pdf:C:\Users\sankhesh.jhaveri\AppData\Roaming\Zotero\Zotero\Profiles\y3oum7uw.default\zotero\storage\UJ3XZHQ2\Trusted third parties for secure and privacy-preserving data integration and sharing in the public sector.pdf:application/pdf}
},

@inproceedings{wei_using_2012,
	address = {New York, {NY}, {USA}},
	series = {{IHI} '12},
	title = {Using {SNOMED} semantic concept groupings to enhance semantic-type assignment consistency in the {UMLS}},
	isbn = {978-1-4503-0781-9},
	url = {http://doi.acm.org/10.1145/2110363.2110465},
	doi = {10.1145/2110363.2110465},
	booktitle = {Proceedings of the 2nd {ACM} {SIGHIT} International Health Informatics Symposium},
	publisher = {{ACM}},
	author = {Wei, Duo and Halper, Michael and Elhanan, Gai},
	year = {2012},
	keywords = {concept, concept grouping, quality assurance, semantic type, semantic type assignment, snomed, terminology, umls},
	pages = {825–830},
	file = {Using SNOMED semantic concept groupings to enhance semantic-type assignment consistency in the UMLS.pdf:C:\Users\sankhesh.jhaveri\AppData\Roaming\Zotero\Zotero\Profiles\y3oum7uw.default\zotero\storage\VHBSG9GE\Using SNOMED semantic concept groupings to enhance semantic-type assignment consistency in the UMLS.pdf:application/pdf}
}